@Artigo{W4226154793,
            title={Resposta governamental brasileira à crise migratória venezuelana: a contribuição das forças armadas na Operação Acolhida},
            author={Josias Marcos de Resende Silva, Thiago da Rocha Passos Gomes},
            journal={},
            year={2021},
            volume={10},
            number={20},
            pages={164}-{191},
            doi={10.30612/rmufgd.v10i20.14349},
            keywords={}
        }