@Artigo{W3089431248,
            title={Indicadores de desempenho na logística humanitária: um estudo teórico sob a ótica green},
            author={Alexandre Augusto Karl, Carla Roberta Pereira, Lucila Maria de Souza Campos},
            journal={},
            year={2020},
            volume={20},
            number={3},
            pages={1038}-{1055},
            doi={10.14488/1676-1901.v20i3.4101},
            keywords={}
        }