@Artigo{W4321092559,
            title={A logística humanitária no gerenciamento de desastres naturais: Revisão Sistemática da Literatura (RSL) orientada ao COVID-19},
            author={Maria Luani Pereira Dos Santos, Harlenn dos Santos Lopes},
            journal={},
            year={2023},
            volume={14},
            number={2},
            pages={1986}-{2001},
            doi={10.7769/gesec.v14i2.1678},
            keywords={}
        }