@Artigo{W2096199401,
            title={REVISÃO DA LITERATURA ACADÊMICA BRASILEIRA SOBRE GESTÃO DE OPERAÇÕES EM DESASTRES NATURAIS COM ÊNFASE EM LOGÍSTICA HUMANITÁRIA},
            author={Tábata Rejane Bertazzo, Irineu de Brito, Adriana Leiras, Hugo Tsugunobu Yoshida Yoshizaki},
            journal={},
            year={2013},
            volume={21},
            number={3},
            pages={31}-{31},
            doi={10.4237/transportes.v21i3.633},
            keywords={}
        }