@Artigo{W2912666827,
            title={Logística Humanitaria: modelos para la atención de poblaciones afectadas por desastres naturales},
            author={Esther Berger Vidal, Carmela Velásquez Pino, Caridad Huaroto Sumari, María Zacarías Díaz, Luis Núñez Ramírez, Justo Arriola Sánchez},
            journal={},
            year={2019},
            volume={21},
            number={2},
            pages={17}-{17},
            doi={10.15381/pes.v21i2.15712},
            keywords={}
        }