@Artigo{W4226487004,
            title={A participação do exército brasileiro na crise migratória venezuelana em Roraima: uma visão da logística humanitária},
            author={Alexandre Fantini Martins, Vanessa Cabral Gomes},
            journal={},
            year={2021},
            volume={10},
            number={20},
            pages={141}-{163},
            doi={10.30612/rmufgd.v10i20.14542},
            keywords={}
        }