@Artigo{W2520651841,
            title={A coordenação civil-militar na logística humanitária e o papel das forças armadas brasileiras no gerenciamento de desastres},
            author={Paulo Ricardo Sousa da Rosa, Renata Albergaria de Mello Bandeira},
            journal={},
            year={2016},
            volume={16},
            number={3},
            pages={895}-{915},
            doi={10.14488/1676-1901.v16i3.2162},
            keywords={}
        }