@Artigo{W4399301346,
            title={Gestão logística nas organizações},
            author={Thiago de Andrade Guedes},
            journal={},
            year={2024},
            volume={24},
            number={1},
            pages={5041}-{5041},
            doi={10.14488/1676-1901.v24i1.5041},
            keywords={}
        }