@Artigo{W2614039435,
            title={MODELO MULTICRITÉRIO DE DECISÃO COM FOCO NA LOGÍSTICA HUMANITÁRIA A PARTIR DE MEDIDAS DE DESEMPENHO PARA ABRIGOS TEMPORÁRIOS},
            author={Manuela Marques Lalane Nappi, João Carlos Souza},
            journal={},
            year={2017},
            volume={3},
            number={1},
            pages={134}-{134},
            doi={10.29183/2447-3073.mix2017.v3.n1.134-135},
            keywords={}
        }