@Artigo{W4389244879,
            title={O papel das ongs diante da crise migratória venezuelana: um estudo crítico},
            author={Teresa Borges, Tigernaque Pergentino de Sant’ana},
            journal={},
            year={2023},
            volume={12},
            number={7},
            pages={3386}-{3413},
            doi={10.55905/rcssv12n7-024},
            keywords={}
        }