@Artigo{W4386646661,
            title={Planejando Rotas de Fuga em Caso de Deslizamentos – Estudo em Campos do Jordão-Brasil},
            author={Michael Ademilson Santos da Silva, Irineu de Brito, Débora Olivato, Víctor Marchezini},
            journal={},
            year={2023},
            volume={20},
            number={9},
            pages={165}-{188},
            doi={10.12819/2023.20.9.8},
            keywords={}
        }