@Artigo{W2520634831,
            title={A produção científica em Logística Humanitária no século XXI: uma análise bibliométrica},
            author={Bianca Barreto Zary, Renata Albergaria de Mello Bandeira, Vânia Barcellos Gouvêa Campos},
            journal={},
            year={2016},
            volume={24},
            number={2},
            pages={1}-{1},
            doi={10.14295/transportes.v24i2.883},
            keywords={}
        }